<record><leader>00000cas a2200000 a 4500</leader><controlfield tag="001">40419314</controlfield><controlfield tag="008">981201d19541977miuwr n       0    0eng c</controlfield><datafield ind1=" " ind2=" " tag="010"><subfield code="a">sn 98066953 </subfield></datafield><datafield ind1=" " ind2=" " tag="040"><subfield code="a">MHN</subfield><subfield code="b">eng</subfield><subfield code="c">MHN</subfield><subfield code="d">OCL</subfield><subfield code="d">OCLCQ</subfield><subfield code="d">OCLCO</subfield></datafield><datafield ind1="1" ind2=" " tag="029"><subfield code="a">AU@</subfield><subfield code="b">000014360276</subfield></datafield><datafield ind1=" " ind2=" " tag="042"><subfield code="a">pcc</subfield></datafield><datafield ind1=" " ind2=" " tag="043"><subfield code="a">n-us-mi</subfield></datafield><datafield ind1="0" ind2=" " tag="130"><subfield code="a">News (Grass Lake, Mich. : 1954)</subfield></datafield><datafield ind1="1" ind2="4" tag="245"><subfield code="a">The news.</subfield></datafield><datafield ind1=" " ind2=" " tag="260"><subfield code="a">Grass Lake, Mich. :</subfield><subfield code="b">R.B. and B.H. Mather</subfield></datafield><datafield ind1=" " ind2=" " tag="300"><subfield code="a">v.</subfield></datafield><datafield ind1=" " ind2=" " tag="310"><subfield code="a">Weekly</subfield></datafield><datafield ind1="1" ind2=" " tag="362"><subfield code="a">Began Nov. 5, 1954.</subfield></datafield><datafield ind1="0" ind2=" " tag="362"><subfield code="a">-v. 100, no. 28 (Jan. 27, 1977).</subfield></datafield><datafield ind1=" " ind2=" " tag="580"><subfield code="a">Formed by the union of: Grass Lake news, and: Michigan Center news.</subfield></datafield><datafield ind1=" " ind2=" " tag="588"><subfield code="a">Description based on: Vol. 76, no. 13 (Nov. 12, 1954).</subfield></datafield><datafield ind1=" " ind2="0" tag="651"><subfield code="a">Grass Lake (Mich.)</subfield><subfield code="v">Newspapers.</subfield></datafield><datafield ind1=" " ind2="0" tag="651"><subfield code="a">Michigan Center (Mich.)</subfield><subfield code="v">Newspapers.</subfield></datafield><datafield ind1=" " ind2="0" tag="651"><subfield code="a">Jackson County (Mich.)</subfield><subfield code="v">Newspapers.</subfield></datafield><datafield ind1=" " ind2=" " tag="752"><subfield code="a">United States</subfield><subfield code="b">Michigan</subfield><subfield code="c">Jackson</subfield><subfield code="d">Grass Lake.</subfield></datafield><datafield ind1="1" ind2="4" tag="780"><subfield code="t">Grass Lake news</subfield><subfield code="w">(DLC)sn 98066976</subfield><subfield code="w">(OCoLC)40337242</subfield></datafield><datafield ind1="1" ind2="4" tag="780"><subfield code="t">Michigan Center news</subfield><subfield code="w">(DLC)sn 98066952</subfield><subfield code="w">(OCoLC)40345252</subfield></datafield><datafield ind1="0" ind2="0" tag="785"><subfield code="t">News and public sentiment</subfield><subfield code="w">(DLC)sn 98066948</subfield><subfield code="w">(OCoLC)40419002</subfield></datafield></record>